<record><leader>00000cas a22000007a 4500</leader><controlfield tag="001">16823570</controlfield><controlfield tag="008">871007d18891901ohuwr ne      0    0eng d</controlfield><datafield ind1=" " ind2=" " tag="010"><subfield code="a">sn 87075145 </subfield></datafield><datafield ind1=" " ind2=" " tag="040"><subfield code="a">ONP</subfield><subfield code="b">eng</subfield><subfield code="c">ONP</subfield><subfield code="d">OCLCQ</subfield></datafield><datafield ind1=" " ind2=" " tag="042"><subfield code="a">msc</subfield></datafield><datafield ind1="0" ind2=" " tag="130"><subfield code="a">Jackson sun (Jackson, Ohio : 1889)</subfield></datafield><datafield ind1="1" ind2="4" tag="245"><subfield code="a">The Jackson sun.</subfield></datafield><datafield ind1=" " ind2=" " tag="260"><subfield code="a">Jackson, Ohio :</subfield><subfield code="b">[Sun Pub. Co.],</subfield><subfield code="c">-1901.</subfield></datafield><datafield ind1=" " ind2=" " tag="310"><subfield code="a">Weekly</subfield></datafield><datafield ind1="1" ind2=" " tag="362"><subfield code="a">Began in 1889.</subfield></datafield><datafield ind1="0" ind2=" " tag="362"><subfield code="a">-v. 12, no. 19 (May 8, 1901).</subfield></datafield><datafield ind1=" " ind2=" " tag="588"><subfield code="a">Description based on: Vol. 3, no. 4 (Jan. 28, 1891).</subfield></datafield><datafield ind1=" " ind2=" " tag="752"><subfield code="a">United States</subfield><subfield code="b">Ohio</subfield><subfield code="c">Jackson</subfield><subfield code="d">Jackson.</subfield></datafield><datafield ind1="0" ind2="0" tag="785"><subfield code="t">Semi-weekly sun (Jackson, Ohio)</subfield><subfield code="w">(DLC)sn 87075144</subfield></datafield></record>